@inbook{Ros0701,
    place={Boston, MA},
    title={10.4 Connectivity},
    booktitle={Discrete mathematics and its applications},
    publisher={McGraw-Hill},
    author={Rosen, Kenneth H.},
    year={2007},
    pages={679}
}

@inbook{Ros0702,
    place={Boston, MA},
    title={10.5 Euler and Hamiltonian Paths},
    booktitle={Discrete mathematics and its applications},
    publisher={McGraw-Hill},
    author={Rosen, Kenneth H.},
    year={2007},
    pages={698 - 703}
}

@article{Szem2006,
    title={Limit distribution for the existence of hamiltonian cycles in a random graph},
    volume={306},
    DOI={10.1016/j.disc.2006.03.022},
    number={10-11},
    journal={Discrete Mathematics},
    author={Komlós, János and Szemerédi, Endre},
    year={2006},
    pages={1032 – 1038}
} 

@misc{Berg2021,
  doi = {10.48550/ARXIV.2107.00314},
  url = {https://arxiv.org/abs/2107.00314},
  author = {Sleegers, Joeri and Berg, Daan van den},
  keywords = {Data Structures and Algorithms (cs.DS), Computational Complexity (cs.CC), Information Theory (cs.IT), FOS: Computer and information sciences, FOS: Computer and information sciences, 68Q25},
  title = {Backtracking (the) Algorithms on the Hamiltonian Cycle Problem},
  publisher = {arXiv},
  year = {2021},
  copyright = {Creative Commons Attribution Non Commercial No Derivatives 4.0 International}
}

@article{Bell1962,
    title={Dynamic programming treatment of the travelling salesman problem},
    volume={9},
    DOI={10.1145/321105.321111},
    number={1},
    journal={Journal of the ACM},
    author={Bellman, Richard},
    year={1962},
    pages={61 – 63}
}

@article{Karp1962,
    title={A dynamic programming approach to sequencing problems},
    DOI={10.1137/0110015},
    journal={Journal of the Society for Industrial and Applied Mathematic},
    author={Held, Michael and Karp, Richard M.},
    year={1962}
} 

@article{Epps2007,
    title={The Travelling Salesman Problem for Cubic Graphs},
    DOI={10.7155/jgaa.00137},
    journal={Journal of Graph Algorithms and Applications},
    volume={11},
    number={1},
    pages={61 - 81},
    author={Eppstein, David},
    year={2007}
} 

